@article{box_analysis_nodate,
	title = {An {Analysis} of {Transformations}},
	language = {en},
	author = {Box, G E P and Cox, D R},
	pages = {43},
	file = {Box 和 Cox - An Analysis of Transformations.pdf:C\:\\Users\\17493\\Zotero\\storage\\RXYYMCX5\\Box 和 Cox - An Analysis of Transformations.pdf:application/pdf},
}