@article{douc2017asymptotic,
	title={Asymptotic properties of quasi-maximum likelihood estimators in observation-driven time series models},
	author={Douc, Randal and Fokianos, Konstantinos and Moulines, Eric},
	year={2017}
}

@article{cox1981statistical,
	title={Statistical analysis of time series: Some recent developments [with discussion and reply]},
	author={Cox, David R and Gudmundsson, Gudmundur and Lindgren, Georg and Bondesson, Lennart and Harsaae, Erik and Laake, Petter and Juselius, Katarina and Lauritzen, Steffen L},
	journal={Scandinavian Journal of Statistics},
	pages={93--115},
	year={1981},
	publisher={JSTOR}
}

@article{nelder1972generalized,
	title={Generalized linear models},
	author={Nelder, John Ashworth and Wedderburn, Robert WM},
	journal={Journal of the Royal Statistical Society Series A: Statistics in Society},
	volume={135},
	number={3},
	pages={370--384},
	year={1972},
	publisher={Oxford University Press}
}

@book{mccullagh2019generalized,
	title={Generalized linear models},
	author={McCullagh, Peter},
	year={2019},
	publisher={Routledge}
}